HDR1A100146S  110014615204900010001       08194 08192 000000                                              
HDR2F0051200100                                   00                                                      
UHL1 10343999999    000000004 MULTI  001       AUD0000                                                    
7729080939566800140202421315692000000000000011BSDSAF 00000000001REF&LT 00000000001NAME   00000000001 14112
0100390105996301740202421315692000000000000012BSDSAF 00000000002REF&LT 00000000002NAME   00000000002 14113
7729080939566801840202421315692000000000000333BSDSAF 00000000003REF&LT 00000000003NAME   00000000003 14115
0100390105996301940202421315692000000000004444BSDSAF 00000000004REF&LT 00000000004NAME   00000000004 14114
772908093956680Z440202421315692000000000055555BSDSAF 00000000005REF&LT 00000000005NAME   00000000005 14115
EOF1A100146S  110014615204900010001       08194 08192                                                     
EOF2F0051200100                                   00                                                      
UTL10000000000015000000000001500000010000005        0000000                                              
HDR1A100146S  110014615204900010002       08194 08192 000000                                              
HDR2F0051200100                                   00                                                      
UHL1 10343999999    000000004 MULTI  001       AUD0000                                                    
772908093956680Z540202421315692000000000000121BSDSAF 00000000001REF&LT 00000000001NAME   00000000001 14118
0100390105996300N40202421315692000000000000000BSDSAF 00000000002REF&LT 00000000002NAME   00000000002 14120
7729080939566800C40202421315692000000000000000BSDSAF 00000000003REF&LT 00000000003NAME   00000000003 14119
0100390105996300S40202421315692000000000000000BSDSAF 00000000004REF&LT 00000000004NAME   00000000004 14119
7729080939566801740202421315692000000000000135BSDSAF 00000000005REF&LT 00000000005NAME   00000000005 14120
EOF1A100146S  110014615204900010002       08194 08192                                                     
EOF2F0051200100                                   00                                                      
UTL10000000000015000000000001500000010000005        0000000                                              
HDR1A100146S  110014615204900010003       08194 08192 000000                                              
HDR2F0051200100                                   00                                                      
UHL1 10343999999    000000004 MULTI  001       AUD0000                                                    
7729080939566809940202421315692000000000000991BSDSAF 00000000001REF&LT 00000000001NAME   00000000001 14099
0100390105996309940202421315692000000000000882BSDSAF 00000000002REF&LT 00000000002NAME   00000000002 14099
7729080939566809940202421315692000000000007773BSDSAF 00000000003REF&LT 00000000003NAME   00000000003 14100
0100390105996309940202421315692000000000006664BSDSAF 00000000004REF&LT 00000000004NAME   00000000004 14101
7729080939566809940202421315692000000000005555BSDSAF 00000000005REF&LT 00000000005NAME   00000000005 14099
EOF1A100146S  110014615204900010003       08194 08192                                                     
EOF2F0051200100                                   00                                                      
UTL10000000000015000000000001500000010000005        0000000                                              
HDR1A100146S  110014615204900010004       08194 08192 000000                                              
HDR2F0051200100                                   00                                                      
UHL1 10343999999    000000004 MULTI  001       AUD0000                                                    
7729080939566809940202421315692000000000000211BSDSAF 00000000001REF&LT 00000000001NAME   00000000001 14099
0100390105996309940202421315692000000000000312BSDSAF 00000000002REF&LT 00000000002NAME   00000000002 14120
7729080939566809940202421315692000000000000413BSDSAF 00000000003REF&LT 00000000003NAME   00000000003 14118
0100390105996309940202421315692000000000005554BSDSAF 00000000004REF&LT 00000000004NAME   00000000004 14100
7729080939566809940202421315692000000000044305BSDSAF 00000000005REF&LT 00000000005NAME   00000000005 14101
EOF1A100146S  110014615204900010004       08194 08192                                                     
EOF2F0051200100                                   00                                                      
UTL10000000000015000000000001500000010000005        0000000                                              
HDR1A100146S  110014615204900010007       08194 08192 000000                                              
HDR2F0051200100                                   00                                                      
UHL1 10343999999    000000004 MULTI  001       AUD0000                                                    
7729080939566809940202421315692000000000000111BSDSAF 00000000001REF&LT 00000000001NAME   00000000001 14099
0100390105996309940202421315692000000000000222BSDSAF 00000000002REF&LT 00000000002NAME   00000000002 14115
7729080939566809940202421315692000000000000333BSDSAF 00000000003REF&LT 00000000003NAME   00000000003 14101
0100390105996309940202421315692000000000000444BSDSAF 00000000004REF&LT 00000000004NAME   00000000004 14112
7729080939566809940202421315692000000000000555BSDSAF 00000000005REF&LT 00000000005NAME   00000000005 14113
EOF1A100146S  110014615204900010007       08194 08192                                                     
EOF2F0051200100                                   00                                                      