HDR1A100146S  110014615204900010001       08194 08192 000000                                              
HDR2F0051200100                                   00                                                      
UHL1 10343999999    000000001 DAILY  001       AUD0000                                                    
7729080939566809940202421315692000000000040001BSDSAF 00000000001REF&LT 00000000001NAME   00000000001
0100390105996309940202421315692000000000050002BSDSAF 00000000002REF&LT 00000000002NAME   00000000002
7729080939566809940202421315692000000000060003BSDSAF 00000000003REF&LT 00000000003NAME   00000000003
0100390105996309940202421315692000000000070004BSDSAF 00000000004REF&LT 00000000004NAME   00000000004
7729080939566809940202421315692000000000080005BSDSAF 00000000005REF&LT 00000000005NAME   00000000005
EOF1A100146S  110014615204900010001       08194 08192                                                     
EOF2F0051200100                                   00                                                      
UTL10000000000015000000000001500000010000005        0000000                                              
HDR1A100146S  110014615204900010002       08194 08192 000000                                              
HDR2F0051200100                                   00                                                      
UHL1 10343999999    000000001 DAILY  001       AUD0000                                                    
7729080939566809940202421315692000000000000091BSDSAF 00000000001REF&LT 00000000001NAME   00000000001
0100390105996309940202421315692000000000000082BSDSAF 00000000002REF&LT 00000000002NAME   00000000002
7729080939566809940202421315692000000000000703BSDSAF 00000000003REF&LT 00000000003NAME   00000000003
0100390105996309940202421315692000000000006004BSDSAF 00000000004REF&LT 00000000004NAME   00000000004
7729080939566809940202421315692000000000000505BSDSAF 00000000005REF&LT 00000000005NAME   00000000005
EOF1A100146S  110014615204900010002       08194 08192                                                     
EOF2F0051200100                                   00                                                      
UTL10000000000015000000000001500000010000005        0000000                                              
HDR1A100146S  110014615204900010003       08194 08192 000000                                              
HDR2F0051200100                                   00                                                      
UHL1 10343999999    000000001 DAILY  001       AUD0000                                                    
7729080939566809940202421315692000000000000441BSDSAF 00000000001REF&LT 00000000001NAME   00000000001
0100390105996309940202421315692000000000000332BSDSAF 00000000002REF&LT 00000000002NAME   00000000002
7729080939566809940202421315692000000000000223BSDSAF 00000000003REF&LT 00000000003NAME   00000000003
0100390105996309940202421315692000000000000114BSDSAF 00000000004REF&LT 00000000004NAME   00000000004
7729080939566809940202421315692000000000000995BSDSAF 00000000005REF&LT 00000000005NAME   00000000005
EOF1A100146S  110014615204900010003       08194 08192                                                     
EOF2F0051200100                                   00                                                      
UTL10000000000015000000000001500000010000005        0000000                                              
HDR1A100146S  110014615204900010004       08194 08192 000000                                              
HDR2F0051200100                                   00                                                      
UHL1 10343999999    000000001 DAILY  001       AUD0000                                                    
7729080939566809940202421315692000000000002001BSDSAF 00000000001REF&LT 00000000001NAME   00000000001
0100390105996309940202421315692000000000003002BSDSAF 00000000002REF&LT 00000000002NAME   00000000002
7729080939566809940202421315692000000000004003BSDSAF 00000000003REF&LT 00000000003NAME   00000000003
0100390105996309940202421315692000000000005004BSDSAF 00000000004REF&LT 00000000004NAME   00000000004
7729080939566809940202421315692000000000006005BSDSAF 00000000005REF&LT 00000000005NAME   00000000005
EOF1A100146S  110014615204900010004       08194 08192                                                     
EOF2F0051200100                                   00                                                      
UTL10000000000015000000000001500000010000005        0000000                                              
HDR1A100146S  110014615204900010005       08194 08192 000000                                              
HDR2F0051200100                                   00                                                      
UHL1 10343999999    000000001 DAILY  001       AUD0000                                                    
7729080939566809940202421315692000000000000001BSDSAF 00000000001REF&LT 00000000001NAME   00000000001
0100390105996309940202421315692000000000000002BSDSAF 00000000002REF&LT 00000000002NAME   00000000002
7729080939566809940202421315692000000000000003BSDSAF 00000000003REF&LT 00000000003NAME   00000000003
0100390105996309940202421315692000000000000004BSDSAF 00000000004REF&LT 00000000004NAME   00000000004
7729080939566809940202421315692000000000000005BSDSAF 00000000005REF&LT 00000000005NAME   00000000005
4020242131569201740202421315692    00000000015NARRATIVE         CONTRA            DESTINATION TEXT  
EOF1A100146S  110014615204900010005       08194 08192                                                     
EOF2F0051200100                                   00                                                      
UTL10000000000015000000000001500000010000005        0000000                                              
HDR1A100146S  110014615204900010006       08194 08192 000000                                              
HDR2F0051200100                                   00                                                      
UHL1 10343999999    000000001 DAILY  001       AUD0000                                                    
7729080939566809940202421315692000000000000001BSDSAF 00000000001REF&LT 00000000001NAME   00000000001
0100390105996309940202421315692000000000000002BSDSAF 00000000002REF&LT 00000000002NAME   00000000002
7729080939566809940202421315692000000000000003BSDSAF 00000000003REF&LT 00000000003NAME   00000000003
0100390105996309940202421315692000000000000004BSDSAF 00000000004REF&LT 00000000004NAME   00000000004
7729080939566809940202421315692000000000000005BSDSAF 00000000005REF&LT 00000000005NAME   00000000005
4020242131569201740202421315692    00000000015NARRATIVE         CONTRA            DESTINATION TEXT  
EOF1A100146S  110014615204900010006       08194 08192                                                     
EOF2F0051200100                                   00                                                      
UTL10000000000015000000000001500000010000005        0000000                                              
HDR1A100146S  110014615204900010007       08194 08192 000000                                              
HDR2F0051200100                                   00                                                      
UHL1 10343999999    000000001 DAILY  001       AUD0000                                                    
7729080939566809940202421315692000000000000551BSDSAF 00000000001REF&LT 00000000001NAME   00000000001
0100390105996309940202421315692000000000066662BSDSAF 00000000002REF&LT 00000000002NAME   00000000002
7729080939566809940202421315692000000000007773BSDSAF 00000000003REF&LT 00000000003NAME   00000000003
0100390105996309940202421315692000000000000884BSDSAF 00000000004REF&LT 00000000004NAME   00000000004
7729080939566809940202421315692000000000000095BSDSAF 00000000005REF&LT 00000000005NAME   00000000005
EOF1A100146S  110014615204900010007       08194 08192                                                     
EOF2F0051200100                                   00                                                      
UTL10000000000015000000000001500000010000005        0000000                                              
HDR1A100146S  110014615204900010008       08194 08192 000000                                              
HDR2F0051200100                                   00                                                      
UHL1 10343999999    000000001 DAILY  001       AUD0000                                                    
7729080939566809940202421315692000000000000041BSDSAF 00000000001REF&LT 00000000001NAME   00000000001
0100390105996309940202421315692000000000000552BSDSAF 00000000002REF&LT 00000000002NAME   00000000002
7729080939566809940202421315692000000000066003BSDSAF 00000000003REF&LT 00000000003NAME   00000000003
0100390105996309940202421315692000000000880004BSDSAF 00000000004REF&LT 00000000004NAME   00000000004
7729080939566809940202421315692000000000700005BSDSAF 00000000005REF&LT 00000000005NAME   00000000005
EOF1A100146S  110014615204900010008       08194 08192                                                     
EOF2F0051200100                                   00                                                      
UTL10000000000015000000000001500000010000005        0000000                                              
HDR1A100146S  110014615204900010009       08194 08192 000000                                              
HDR2F0051200100                                   00                                                      
UHL1 10343999999    000000001 DAILY  001       AUD0000                                                    
7729080939566809940202421315692000000000000501BSDSAF 00000000001REF&LT 00000000001NAME   00000000001
0100390105996309940202421315692000000000000102BSDSAF 00000000002REF&LT 00000000002NAME   00000000002
7729080939566809940202421315692000000000000203BSDSAF 00000000003REF&LT 00000000003NAME   00000000003
0100390105996309940202421315692000000000000304BSDSAF 00000000004REF&LT 00000000004NAME   00000000004
7729080939566809940202421315692000000000000405BSDSAF 00000000005REF&LT 00000000005NAME   00000000005
EOF1A100146S  110014615204900010009       08194 08192                                                     
EOF2F0051200100                                   00                                                      
UTL10000000000015000000000001500000010000005        0000000                                              
HDR1A100146S  110014615204900010010       08194 08192 000000                                              
HDR2F0051200100                                   00                                                      
UHL1 10343999999    000000001 DAILY  001       AUD0000                                                    
7729080939566809940202421315692000000000006001BSDSAF 00000000001REF&LT 00000000001NAME   00000000001
0100390105996309940202421315692000000000001002BSDSAF 00000000002REF&LT 00000000002NAME   00000000002
7729080939566809940202421315692000000000002003BSDSAF 00000000003REF&LT 00000000003NAME   00000000003
0100390105996309940202421315692000000000003004BSDSAF 00000000004REF&LT 00000000004NAME   00000000004
7729080939566809940202421315692000000000004005BSDSAF 00000000005REF&LT 00000000005NAME   00000000005
EOF1A100146S  110014615204900010010       08194 08192                                                     
EOF2F0051200100                                   00                                                      
UTL10000000000015000000000001500000010000005        0000000                                              
